@article{exploring-string-axiverse,
  title = {Exploring the string axiverse with precision black hole physics},
  author = {Arvanitaki, Asimina and Dubovsky, Sergei},
  journal = {Phys. Rev. D},
  volume = {83},
  issue = {4},
  pages = {044026},
  numpages = {28},
  year = {2011},
  month = {Feb},
  publisher = {American Physical Society},
  doi = {10.1103/PhysRevD.83.044026},
  url = {https://link.aps.org/doi/10.1103/PhysRevD.83.044026}
}

@article{anthropic-explanation,
    author = "Freivogel, Ben",
    title = "{Anthropic Explanation of the Dark Matter Abundance}",
    eprint = "0810.0703",
    archivePrefix = "arXiv",
    primaryClass = "hep-th",
    doi = "10.1088/1475-7516/2010/03/021",
    journal = "JCAP",
    volume = "03",
    pages = "021",
    year = "2010"
}

@misc{RMTguide ,
author = {Kasper Andersson},
title = {A Review of Gaussian Random Matrices},
howpublished = {Available at \url{https://www.diva-portal.org/smash/get/diva2:1504625/FULLTEXT01.pdf}}
}

@misc{WignerMPThms ,
author = {Steven P. Lalley},
title = {Random Matrices:
Wigner and Marchenko-Pastur Theorems},
howpublished = {Available at \url{https://galton.uchicago.edu/~lalley/Courses/383/Wigner.pdf}}
}

@book{Livan_2018,
   title={Introduction to Random Matrices},
   ISBN={9783319708850},
   ISSN={2197-1765},
   url={http://dx.doi.org/10.1007/978-3-319-70885-0},
   DOI={10.1007/978-3-319-70885-0},
   journal={SpringerBriefs in Mathematical Physics},
   publisher={Springer International Publishing},
   author={Livan, Giacomo and Novaes, Marcel and Vivo, Pierpaolo},
   year={2018} }



